@ARTICLE{pauli,
  AUTHOR =       {W. Pauli},
  JOURNAL =      {Zeitschrift fur Physik},
  YEAR =         {1925},
  volume =       {26},
  pages  =       {765},
}

@BOOK{dirac-book,
  AUTHOR =       {P. A. M. Dirac},
  TITLE =        {The Principles of Quantum Mechanics},
  PUBLISHER =    {Oxford University Press},
  YEAR =         {1967},
}

@ARTICLE{dirac,
  AUTHOR =       {P. A. M. Dirac},
  JOURNAL =      {Proc. Royal Soc. A.},
  YEAR =         {1926},
  volume =       {112},
  pages  =       {661},
}

@ARTICLE{jordan-wigner,
  AUTHOR =       {P. Jordan and E. Wigner},
  JOURNAL =      {Zeitschrift fur Physik},
  YEAR =         {1928},
  volume =       {47},
  pages  =       {631},
}

@ARTICLE{krob-leclerc,
  AUTHOR =       {D. Krob and B. Leclerc},
  JOURNAL =      {Commun. Math. Phys.},
  YEAR =         {1995},
  volume =       {169},
  pages  =       {1-23},
}

@BOOK{sweedler,
  AUTHOR =       {M. E. Sweedler},
  TITLE =        {Hopf Algebras},
  PUBLISHER =    {Benjamin},
  YEAR =         {1969},
}

@ARTICLE{sklyanin,
  AUTHOR =       {E. K. Sklyanin},
  JOURNAL =      {Funct. Anal. Appl.},
  YEAR =         {1982},
  volume =       {16},
  pages  =       {263},
}

@ARTICLE{frt,
  AUTHOR =       {L. D. Fadeev and N. Y. Reshetikhin and L. A. Takhtajan},
  TITLE  =       {Quantization of Lie Groups and Lie Algebras},
  JOURNAL =      {Leningrad Math. J.},
  YEAR =         {1987},
  volume =       {1},
  pages  =       {193},
}

@ARTICLE{drinfeld,
  AUTHOR =       {V. G. Drinfeld},
  TITLE  =       {Quantum Groups},
  JOURNAL =      {Proc. Int. Congr. Math. Berkeley},
  YEAR =         {1986},
  volume =       {1},
  pages  =       {798},
}

@ARTICLE{woronowicz,
  AUTHOR =       {S. L. Woronowicz},
  JOURNAL =      {Commun. Math. Phys.},
  YEAR =         {1987},
  volume =       {111},
  pages  =       {613},
}

@BOOK{manin,
  AUTHOR =       {Yu I. Manin},
  TITLE =        {Quantum Groups and Non-commutative Geometry},
  PUBLISHER =    {CRM, Montreal University Press},
  YEAR =         {1988},
}

@ARTICLE{jx,
  AUTHOR =       {S. Jing and J. Xu},
  JOURNAL =      {J. Phys. A: Math. Gen.},
  YEAR =         {1991},
  volume =       {24},
  pages  =       {L891},
}

@ARTICLE{xh,
  AUTHOR =       {W. Y. Chana and C. L. Ho},
  JOURNAL =      {J. Phys. A: Math. Gen.},
  YEAR =         {1993},
  volume =       {26},
  pages  =       {4827},
}

@ARTICLE{sm,
  AUTHOR =       {A. Solomon and R. McDermott},
  JOURNAL =      {J. Phys. A: Math. Gen.},
  YEAR =         {1994},
  volume =       {27},
  pages  =       {2619},
}

@ARTICLE{chung,
  AUTHOR =       {W. S. Chung},
  JOURNAL =      {Phys. Lett. A},
  YEAR =         {1999},
  volume =       {259},
  pages  =       {437},
}

@ARTICLE{nt,
  AUTHOR =       {T. Nassar and O. Tirkkonen},
  JOURNAL =      {J. Phys. A: Math. Gen.},
  YEAR =         {1998},
  volume =       {31},
  pages  =       {9983},
}

@ARTICLE{gppr,
  AUTHOR =       {H. Grossea and S. Pallua and P. Prester and E. Raschhofer},
  JOURNAL =      {J. Phys. A: Math. Gen.},
  YEAR =         {1994},
  volume =       {27},
  pages  =       {4761},
}

@ARTICLE{bnnpsw,
  AUTHOR =       {J. Balog and M. Niedermaier and others},
  JOURNAL =      {Nuclear Physics B},
  YEAR =         {2001},
  volume =       {618},
  pages  =       {315},
}
@ARTICLE{ubriaco,
  AUTHOR =       {M. R. Ubriaco},
  JOURNAL =      {Phys. Rev. E},
  YEAR =         {1998},
  volume =       {58},
  pages  =       {4191},
}
@ARTICLE{leites,
  AUTHOR =       {D. A. Leites and I. M. Shchepochkina},
  JOURNAL =      {Theor. Math. Phys.},
  YEAR =         {2001},
  volume =       {3},
  pages  =       {281},
}

@INPROCEEDINGS{batalin,
  AUTHOR =       {I. Batalin and I. Tyutin},
  TITLE  =       {Generalized field–antifield formalism},
  BOOKTITLE =    {Trans. Am. Math. Soc.},
  YEAR =         {1996},
  editor =       {R. Dobrushin et al.},
  volume =       {177},
  series =       {2},
  publisher =    {Am. Math. Soc.},
  pages  =       {23},
}

@ARTICLE{jimbo,
  AUTHOR =       {M. Jimbo},
  JOURNAL =      {Lett. Math. Phys.},
  YEAR =         {1986},
  volume =       {11},
  pages  =       {247},
}

@ARTICLE{sww,
  AUTHOR =       {M. Schlieker and W. Weich and R. Weixler},
  JOURNAL =      {Z. Phys. C},
  YEAR =         {1992},
  volume =       {53},
  pages  =       {79},
}

@ARTICLE{pw,
  AUTHOR =       {P. Podles and S. L. Woronowicz},
  JOURNAL =      {Commun. Math. Phys.},
  YEAR =         {1997},
  volume =       {185},
  pages  =       {325},
}

@ARTICLE{unruh,
  AUTHOR =       {W. G. Unruh},
  JOURNAL =      {Phys. Rev. D},
  YEAR =         {1976},
  volume =       {14},
  pages  =       {870},
}

@ARTICLE{hawking,
  AUTHOR =       {S. W. Hawking},
  JOURNAL =      {Phys. Rev. D},
  YEAR =         {1976},
  volume =       {14},
  pages  =       {2460},
}

@ARTICLE{agy,
  AUTHOR =       {M. Arik and S. Gun and A. Yildiz},
  JOURNAL =      {Eur. Phys. J. C},
  YEAR =         {2003},
  volume =       {27},
  pages  =       {453},
}

@ARTICLE{ab,
  AUTHOR =       {M. Arik and A. Baykal},
  JOURNAL =      {J. Math. Phys.},
  YEAR =         {2004},
  volume =       {45},
  pages  =       {4207},
}

@ARTICLE{inonu,
  AUTHOR =       {E. Inonu and E. P. Wigner},
  JOURNAL =      {Proc. Natl. Acad. Sci. U.S.A.},
  YEAR =         {1953},
  volume =       {39},
  pages  =       {510},
}

@ARTICLE{majid,
  AUTHOR =       {S. Majid},
  TITLE  =       {Braided groups and algebraic quantum field theories},
  JOURNAL =      {Lett. in Math. Phys.},
  YEAR =         {1991},
  volume =       {22},
  pages  =       {167},
}

@ARTICLE{puszwor,
  AUTHOR =       {W. Pusz and S.L. Woronowicz},
  JOURNAL =      {Rep. Math. Phys.},
  YEAR =         {1989},
  volume =       {27},
  pages  =       {231},
}

@ARTICLE{qybe,
  AUTHOR =       {M. Jimbo},
  JOURNAL =      {Comm. in Math. Phys.},
  YEAR =         {1986},
  volume =       {102},
  pages  =       {537-547},
}


M. Arik, \textit{Z. Phys. C} {\bf 51}, 627 (1991)
